%^ Pearson, K. (1901). "On Lines and Planes of Closest Fit to Systems of Points in Space" (PDF). Philosophical Magazine 2 (11): 559â€“572.
@article{Pearson,
    author  = "Pearson, K",
    title   = "On Lines and Planes of Closest Fit to Systems of Points in Space",
    year    = "1901",
    journal = "Philosophical Magazine",
    volume  = "2",
    number  = "11",
    pages   = "559-572"
}

@article{Tamis,
    title   = "Intelligent Multi-camera Video Surveillance",
    author  = "T.v.d.Laan et al",
    year    = "2012",
    journal = "Christiaan Huygens Magazine",
    volume  = "17",
    number  = "1",
    pages   = "20-22",
    url = "https://ch.tudelft.nl/sites/default/files/j17n1_website_0.pdf"
    %howpublished = "\url{https://ch.tudelft.nl/sites/default/files/j17n1_website_0.pdf}",
}

@Book{Ferdi,
 author    = "Heijden, Ferdi van der",
 title     = "Classification, parameter estimation and state estimation,
 an engineering approach using Matlab",
}

@paper{hog,
 author    = "Navneet Dalal and Bill Triggs",
 title     = "Histograms of Oriented Gradients for Human Detection",
 pages     = "2"
}

@paper{Manabu,
    author = "Manabu Sassano",
    title = "Classification, parameter estimation and state estimation, an
    engineering approach using Matlab",
    url = "http://www.aclweb.org/anthology/I/I08/I08-2117.pdf",
}

% matlab code
@article{ludwig,
    title = "Trainable Classifier-Fusion Schemes: An Application To Pedestrian
        Detection",
    author="O. Ludwig et al",
    year = "2009",
    journal = "12th International IEEE \%Conference On Intelligent
        Transportation Systems",
    volume = "1",
    pages = "432-437",
}
